@MICS {git_repo,
    title = {Github repository.},
    note = {\url{https://github.com/AdamGTaylor/ELTE_mod_comp_2021}}
}